<collection xmlns="http://www.loc.gov/MARC21/slim">
<record>
  <leader>01518nam0a2200277 i 450 </leader>
  <controlfield tag="001">IT\ICCU\CNCE\059739</controlfield>
  <controlfield tag="005">20071107000000.0</controlfield>
  <datafield tag="012" ind1=" " ind2=" ">
    <subfield code="a">n-a- r-i- nee. ran- (C) 1578 (R)</subfield>
    <subfield code="2">fei</subfield>
  </datafield>
  <datafield tag="100" ind1=" " ind2=" ">
    <subfield code="a">20041213d1578        0itac0103    ba</subfield>
  </datafield>
  <datafield tag="101" ind1=" " ind2=" ">
    <subfield code="a">LAT</subfield>
  </datafield>
  <datafield tag="102" ind1=" " ind2=" ">
    <subfield code="a">IT</subfield>
  </datafield>
  <datafield tag="200" ind1="1" ind2=" ">
    <subfield code="a">Professio catholica m. Sebastiani Flaschii Mansfeldensis, non vulgaris eruditionis &amp; authoritatis viri, vbi Lutheranam haeresin, in qua &amp; natus &amp; a pueris institutus fuerat, libere abiurat, simulque abiurationis suae causas viginti duas adducens, fucatamillius sectae naturam, &amp; dolos, quibus miseros deludit mortales, breuiter, &amp; accurate depingit</subfield>
  </datafield>
  <datafield tag="210" ind1=" " ind2=" ">
    <subfield code="a">Brixinae</subfield>
    <subfield code="c">Donatus Fetius excudebat</subfield>
    <subfield code="d">1578</subfield>
  </datafield>
  <datafield tag="215" ind1=" " ind2=" ">
    <subfield code="a">\8! c.</subfield>
    <subfield code="d">4ʻ</subfield>
  </datafield>
  <datafield tag="620" ind1=" " ind2=" ">
    <subfield code="a">IT</subfield>
    <subfield code="d">Bressanone</subfield>
  </datafield>
  <datafield tag="700" ind1=" " ind2="1">
    <subfield code="a">Flasch,</subfield>
    <subfield code="b">Sebastian</subfield>
    <subfield code="3">IT\ICCU\CNCA\011373</subfield>
  </datafield>
  <datafield tag="712" ind1="0" ind2="0">
    <subfield code="a">Fezzi, Donato</subfield>
    <subfield code="3">IT\ICCU\CNCT\000595</subfield>
    <subfield code="4">650</subfield>
  </datafield>
  <datafield tag="790" ind1=" " ind2="1">
    <subfield code="a">Flaschus,</subfield>
    <subfield code="b">Sebastianus</subfield>
    <subfield code="3">IT\ICCU\CNCA\022600</subfield>
    <subfield code="z">Flasch, Sebastian</subfield>
  </datafield>
  <datafield tag="791" ind1="0" ind2="0">
    <subfield code="a">Faetius, Donatus</subfield>
    <subfield code="3">IT\ICCU\CNCT\002715</subfield>
    <subfield code="z">Fezzi, Donato</subfield>
  </datafield>
  <datafield tag="791" ind1="0" ind2="0">
    <subfield code="a">Fetius, Donatus</subfield>
    <subfield code="3">IT\ICCU\CNCT\003799</subfield>
    <subfield code="z">Fezzi, Donato</subfield>
  </datafield>
  <datafield tag="791" ind1="0" ind2="0">
    <subfield code="a">Feccio, Donato</subfield>
    <subfield code="3">IT\ICCU\CNCT\003800</subfield>
    <subfield code="z">Fezzi, Donato</subfield>
  </datafield>
  <datafield tag="801" ind1=" " ind2="3">
    <subfield code="a">IT</subfield>
    <subfield code="b">ICCU</subfield>
    <subfield code="c">20201115</subfield>
  </datafield>
  <datafield tag="899" ind1=" " ind2=" ">
    <subfield code="a">Biblioteca nazionale centrale. Roma</subfield>
    <subfield code="1">RM0267</subfield>
    <subfield code="2">BVE CR</subfield>
  </datafield>
  <datafield tag="899" ind1=" " ind2=" ">
    <subfield code="a">Biblioteca comunale. Trento</subfield>
    <subfield code="1">TN0121</subfield>
    <subfield code="2">ZTN 01</subfield>
  </datafield>
  <datafield tag="911" ind1=" " ind2=" ">
    <subfield code="a">Sul front.</subfield>
    <subfield code="9">IT\ICCU\CNCM\001403</subfield>
  </datafield>
  <datafield tag="921" ind1=" " ind2=" ">
    <subfield code="a">IT\ICCU\CNCM\001403</subfield>
    <subfield code="b">Orso abbranca un tronco con alveare. Intorno le api. In cornice figurata</subfield>
    <subfield code="e">Conantia nocere iuvant</subfield>
    <subfield code="c">U346</subfield>
    <subfield code="d">Dimensioni: 5,5 x 6</subfield>
    <subfield code="f">CONANTIANO</subfield>
    <subfield code="f">ORSO</subfield>
    <subfield code="f">ALVEARE</subfield>
    <subfield code="g">1570-1578</subfield>
  </datafield>
</record>
</collection>
